<record><leader>00000cas a2200000 a 4500</leader><controlfield tag="001">39278825</controlfield><controlfield tag="008">980612d193219uumiuwr n       0    0eng c</controlfield><datafield ind1=" " ind2=" " tag="010"><subfield code="a">sn 98066169 </subfield></datafield><datafield ind1=" " ind2=" " tag="040"><subfield code="a">MHN</subfield><subfield code="b">eng</subfield><subfield code="c">MHN</subfield><subfield code="d">OCL</subfield><subfield code="d">OCLCQ</subfield><subfield code="d">OCLCF</subfield><subfield code="d">OCLCO</subfield></datafield><datafield ind1="1" ind2=" " tag="029"><subfield code="a">AU@</subfield><subfield code="b">000014018201</subfield></datafield><datafield ind1=" " ind2=" " tag="042"><subfield code="a">pcc</subfield></datafield><datafield ind1=" " ind2=" " tag="043"><subfield code="a">n-us-mi</subfield></datafield><datafield ind1="0" ind2="4" tag="245"><subfield code="a">The record and observer.</subfield></datafield><datafield ind1="1" ind2="7" tag="246"><subfield code="a">Record and observer of Highland Park</subfield></datafield><datafield ind1="1" ind2="3" tag="246"><subfield code="a">Record-observer</subfield></datafield><datafield ind1=" " ind2=" " tag="260"><subfield code="a">Highland Park, Mich. :</subfield><subfield code="b">Clyde Austin, J.P. Burkhart, James S. Sheehan</subfield></datafield><datafield ind1=" " ind2=" " tag="300"><subfield code="a">v.</subfield></datafield><datafield ind1=" " ind2=" " tag="310"><subfield code="a">Weekly</subfield></datafield><datafield ind1="0" ind2=" " tag="362"><subfield code="a">No. 8 &lt;Dec. 16, 1932&gt;-</subfield></datafield><datafield ind1=" " ind2=" " tag="580"><subfield code="a">Formed by the union of: Record (Highland Park, Mich.), and: Observer (Highland Park, Mich.) (title uncertain).</subfield></datafield><datafield ind1=" " ind2="0" tag="651"><subfield code="a">Highland Park (Mich.)</subfield><subfield code="v">Newspapers.</subfield></datafield><datafield ind1=" " ind2="0" tag="651"><subfield code="a">Wayne County (Mich.)</subfield><subfield code="v">Newspapers.</subfield></datafield><datafield ind1=" " ind2="7" tag="655"><subfield code="a">Newspapers.</subfield><subfield code="2">fast</subfield><subfield code="0">(OCoLC)fst01423814</subfield></datafield><datafield ind1=" " ind2="7" tag="651"><subfield code="a">Michigan</subfield><subfield code="z">Highland Park.</subfield><subfield code="2">fast</subfield><subfield code="0">(OCoLC)fst01225530</subfield></datafield><datafield ind1=" " ind2="7" tag="651"><subfield code="a">Michigan</subfield><subfield code="z">Wayne County.</subfield><subfield code="2">fast</subfield><subfield code="0">(OCoLC)fst01206628</subfield></datafield><datafield ind1=" " ind2=" " tag="752"><subfield code="a">United States</subfield><subfield code="b">Michigan</subfield><subfield code="c">Wayne</subfield><subfield code="d">Highland Park.</subfield></datafield><datafield ind1="1" ind2="4" tag="780"><subfield code="t">Record (Highland Park, Mich.)</subfield><subfield code="w">(DLC)sn 98066182</subfield><subfield code="w">(OCoLC)39278757</subfield></datafield><datafield ind1="1" ind2="4" tag="780"><subfield code="t">Observer (Highland Park, Mich.)</subfield></datafield></record>